@article{gruber1993translation,
  title={A translation approach to portable ontology specifications},
  author={Gruber, Thomas R},
  journal={Knowledge acquisition},
  volume={5},
  number={2},
  pages={199--220},
  year={1993},
  publisher={Elsevier}
}

@article{cimmino2020ewot,
  title={eWoT: A Semantic Interoperability Approach for Heterogeneous IoT Ecosystems Based on the Web of Things},
  author={Cimmino, Andrea and Poveda-Villal{\'o}n, Mar{\'\i}a and Garc{\'\i}a-Castro, Ra{\'u}l},
  journal={Sensors},
  volume={20},
  number={3},
ARTICLE-NUMBER = {822},
  year={2020},
  doi={10.3390/s20030822},
  publisher={Multidisciplinary Digital Publishing Institute}
}

@inproceedings{heyvaert2019conformance,
  title={{Conformance test cases for the RDF mapping language (RML)}},
  author={Heyvaert, Pieter and Chaves-Fraga, David and Priyatna, Freddy and Corcho, Oscar and Mannens, Erik and Verborgh, Ruben and Dimou, Anastasia},
  booktitle={Iberoamerican Knowledge Graphs and Semantic Web Conference},
  pages={162--173},
  year={2019},
  organization={Springer}
}

@TechReport{boris2012r2rml,
	author = {Villaz{\'o}n-Terrazas, Boris and Hausenblas, Michael},
	title = {{R2RML} and {D}irect {M}apping {T}est {C}ases},
	institution = {W3C},
	year = 2012,
	_month = aug,
	day = 14,
	type = {{W3C} {N}ote},
	note =  {{\scriptsize \url{http://www.w3.org/TR/rdb2rdf-test-cases/}}}
}

@inproceedings{cimmino2018hybrid,
  title={A hybrid genetic-bootstrapping approach to link resources in the web of data},
  author={Cimmino, Andrea and Corchuelo, Rafael},
  booktitle={International Conference on Hybrid Artificial Intelligence Systems (HAIS 2018), Oviedo, Spain},
  pages={145--157},
  year={2018},
  organization={Springer},
  address={Cham},
  doi={10.1007/978-3-319-92639-1\_13},
  volume={10870}
}

@incollection{dou2005ontology,
  title={Ontology translation on the semantic web},
  author={Dou, Dejing and McDermott, Drew and Qi, Peishen},
  booktitle={Journal on data semantics II},
  pages={35--57},
  year={2005},
  publisher={Springer},
  address={Cham}
}

@inproceedings{arenas2010foundations,
  title={Foundations of schema mapping management},
  author={Arenas, Marcelo and P{\'e}rez, Jorge and Reutter, Juan L and Riveros, Cristian},
  booktitle={Proceedings of the twenty-ninth ACM SIGMOD-SIGACT-SIGART symposium on Principles of database systems, Indianapolis, USA},
  pages={227--238},
  year={2010},
  doi={10.1145/1807085.1807116},
  publisher={ACM New York, NY, USA}
}

@article{arenas2009recovery,
  title={The recovery of a schema mapping: bringing exchanged data back},
  author={Arenas, Marcelo and P{\'e}rez, Jorge and Riveros, Cristian},
  journal={ACM Transactions on Database Systems (TODS)},
  volume={34},
  number={4},
  pages={1--48},
  year={2009},
  publisher={ACM New York, NY, USA},
  doi={10.1145/1620585.1620589}
}

@inproceedings{chortaras2018mapping,
  title={Mapping diverse data to RDF in practice},
  author={Chortaras, Alexandros and Stamou, Giorgos},
  booktitle={International Semantic Web Conference},
  pages={441--457},
  year={2018},
  organization={Springer}
}

@inproceedings{priyatna2017mappingpedia,
  title={Mappingpedia: A collaborative environment for R2RML mappings},
  author={Priyatna, Freddy and Ruckhaus, Edna and Mihindukulasooriya, Nandana and Corcho, {\'O}scar and Saturno, Nelson},
  booktitle={ESWC 2017: The Semantic Web: ESWC 2017 Satellite Events, Portorož, Slovenia},
  pages={114--119},
  year={2017},
  organization={Springer},
  address={Cham},
  doi={10.1007/978-3-319-70407-4\_22}
}


@article{euzenat2003family,
  title={The ‘family of languages’ approach to semantic interoperability},
  author={Euzenat, J{\'e}r{\^o}me and Stuckenschmidt, Heiner},
  journal={Knowledge transformation for the semantic web},
  volume={95},
  pages={49},
  year={2003},
  publisher={IOS Press}
}

@inproceedings{rivero2011generating,
  title={Generating SPARQL executable mappings to integrate ontologies},
  author={Rivero, Carlos R and Hern{\'a}ndez, Inma and Ruiz, David and Corchuelo, Rafael},
  booktitle={International Conference on Conceptual Modeling},
  pages={118--131},
  year={2011},
  organization={Springer}
}

@article{suarez2015neon,
  title={The NeOn Methodology framework: A scenario-based methodology for ontology development},
  author={Su{\'a}rez-Figueroa, Mari Carmen and G{\'o}mez-P{\'e}rez, Asunci{\'o}n and Fernandez-Lopez, Mariano},
  journal={Applied ontology},
  volume={10},
  number={2},
  pages={107--145},
  year={2015},
  publisher={IOS Press},
  doi={10.3233/AO-150145}
}

@article{de2020implementation,
  title={Implementation-independent function reuse},
  author={De Meester, Ben and Seymoens, Tom and Dimou, Anastasia and Verborgh, Ruben},
  journal={Future Generation Computer Systems},
  volume={110},
  pages={946--959},
  year={2020},
  publisher={Elsevier}
}

@inproceedings{jozashoori2020funmap,
  title={FunMap: Efficient execution of functional mappings for knowledge graph creation},
  author={Jozashoori, Samaneh and Chaves-Fraga, David and Iglesias, Enrique and Vidal, Maria-Esther and Corcho, Oscar},
  booktitle={International Semantic Web Conference},
  pages={276--293},
  year={2020},
  organization={Springer},
  address={Cham}
}

@inproceedings{hert2011comparison,
  title={A comparison of RDB-to-RDF mapping languages},
  author={Hert, Matthias and Reif, Gerald and Gall, Harald C},
  booktitle={Proceedings of the 7th International Conference on Semantic Systems, Graz, Austria},
  publisher={ACM New York, NY, USA},
  pages={25--32},
  year={2011},
  doi={10.1145/2063518.2063522}
}

@article{junior2017evaluation,
  title={An evaluation of uplift mapping languages},
  author={Junior, Ademar Crotti and Debruyne, Christophe and Brennan, Rob and O’Sullivan, Declan},
  journal={International Journal of Web Information Systems},
  year={2017},
  publisher={Emerald Publishing Limited}
}

@inproceedings{barrasa2004r2o,
  title={R2O, an extensible and semantically based database-to-ontology mapping language},
  author={Barrasa, Jes{\'u}s and Corcho, {\'O}scar and G{\'o}mez-P{\'e}rez, Asunci{\'o}n},
  booktitle={Proceedings of the 2nd Workshop on Semantic Web and Databases, Toronto, Canada},
  volume={14},
  year={2004},
  pages={1069--1070},
  doi={10.1007/b106149},
  organization={Springer-Verlag}
}

@inproceedings{bizer2004d2rq,
  title={D2RQ-treating non-RDF databases as virtual RDF graphs},
  author={Bizer, Christian and Seaborne, Andy},
  booktitle={3rd International Semantic Web Conference (ISWC2004) Posters, Hiroshima, Japan},
  year={2004},
  url={http://iswc2004.semanticweb.org/posters/PID-SMCVRKBT-1089637165.pdf}
}

@inproceedings{langegger2009xlwrap,
  title={XLWrap--querying and integrating arbitrary spreadsheets with SPARQL},
  author={Langegger, Andreas and W{\"o}{\ss}, Wolfram},
  booktitle={Proceedings of the 8th International Semantic Web Conference (ISWC 2009) Chantilly, VA, USA},
  pages={359--374},
  volume={5823},
  year={2009},
  organization={Springer},
  address={Berlin, Heidelberg},
  doi={10.1007/978-3-642-04930-9\_23}
}

@online{xlwrap,
  author = {Langegger, Andreas},
  title = {XLWrap – Spreadsheet-to-RDF Wrapper},
  year = 2009,
  url = {https://xlwrap.sourceforge.io/}
}


@TechReport{das2012r2rml,
	author = {Das, Souripriya and Sundara, Seema and Cyganiak, Richard},
	title = {{R2RML: RDB to RDF Mapping Language}},
	institution = {W3C},
	year = 2012,
	type = {{W3C Recommendation}},
	note =  {{\scriptsize \url{www.w3.org/TR/r2rml}}}
}

@inproceedings{Dimou2014rml,
author = {Dimou, Anastasia and Sande, Miel Vander and Colpaert, Pieter and Verborgh, Ruben and Mannens, Erik and {Van De Walle}, Rik},
booktitle = {Workshop on Linked Data on the Web co-located with the 23rd International World Wide Web Conference (LDOW@WWW 2014), Seoul, Korea},
title = {{RML: A generic language for integrated RDF mappings of heterogeneous data}},
year = {2014},
  volume    = {1184},
  publisher = {CEUR-WS.org},
  series    = {{CEUR} Workshop Proceedings},
  url = {http://ceur-ws.org/Vol-1184/ldow2014_paper_01.pdf}
}

@online{rml,
  author = {Dimou, Anastasia and Vander Sande, Miel and De Meester, Ben and Heyvaert, Pieter and Delva, Thomas},
  title = {RDF Mapping Language (RML)},
  year = 2020,
  url = {https://rml.io/specs/rml/},
  urldate = {2020-10-06}
}

@inproceedings{slepicka2015kr2rml,
  title={KR2RML: An Alternative Interpretation of R2RML for Heterogenous Sources.},
  author={Slepicka, Jason and Yin, Chengye and Szekely, Pedro A and Knoblock, Craig A},
  booktitle={Proceedings of the 6th International Workshop on Consuming Linked Data
co-located with 14th International Semantic Web Conference (ISWC 2015), Bethlehem, Pennsylvania, US},
  year={2015},
  volume={1426},
  url={http://ceur-ws.org/Vol-1426/paper-08.pdf},
  publisher = {CEUR-WS.org},
  series    = {{CEUR} Workshop Proceedings}
}

@inproceedings{debruyne2016r2rmlf,
  title={R2RML-F: towards sharing and executing domain logic in R2RML mappings},
  author={Debruyne, Christophe and O'Sullivan, Declan},
  booktitle={ Workshop on Linked Data on the Web co-located with 25th International World Wide Web Conference (LDOW@WWW 2016), Florence, Italy},
  year={2016},
  volume = {1593},
  url={http://ceur-ws.org/Vol-1593/article-13.pdf},
  publisher = {CEUR-WS.org},
  series    = {{CEUR} Workshop Proceedings}
}

@inproceedings{DeMeester2017fno_dbpedia,
author = {{De Meester}, Ben and Maroy, Wouter and Dimou, Anastasia and Verborgh, Ruben and Mannens, Erik},
booktitle={Proceedings of the 14th European Semantic Web Conference, Portorož, Slovenia},
pages = {33--48},
title = {{Declarative data transformations for linked data generation: The case of DBpedia}},
volume = {10250},
year = {2017},
doi = {10.1007/978-3-319-58451-5\_3},
publisher="Springer",
address="Cham"
}

@inproceedings{michel2015xr2rml,
  title={Translation of relational and non-relational databases into RDF with xR2RML},
  author={Michel, Franck and Djimenou, Lo{\"\i}c and Zucker, Catherine Faron and Montagnat, Johan},
  booktitle={11th International Confenrence on Web Information Systems and Technologies (WEBIST'15), Lisbon, Portugal},
  pages={443--454},
  year={2015},
  publisher={SciTePress},
    organization={INSTICC},
    doi={10.5220/0005448304430454}
}

@online{xr2rml,
  author = {Michel, Franck and Djimenou, Lo{\"\i}c and Zucker, Catherine Faron and Montagnat, Johan},
  title = {xR2RML: Relational and Non-Relational Databases to RDF Mapping Language},
  year = 2017,
  url = {https://www.i3s.unice.fr/~fmichel/xr2rml_specification_v5.html},
  urldate = {2017-10-25}
}


@inproceedings{junior2016funul,
  title={FunUL: a method to incorporate functions into uplift mapping languages},
  author={Junior, Ademar Crotti and Debruyne, Christophe and Brennan, Rob and O'Sullivan, Declan},
  booktitle={Proceedings of the 18th International Conference on Information Integration and Web-based Applications and Services, Singapore, Singapore},
  pages={267--275},
  year={2016},
  doi={10.1145/3011141.3011152},
  publisher={ACM New York, NY, USA}
}

@article{Tennison2015csvw,
author = {Tennison, Jeni and Kellogg, Gregg and Herman, Ivan},
journal = {https://www.w3.org/TR/tabular-data-model/},
title = {Model for tabular data and metadata on the web, W3C Recommendation 17 December 2015},
year = {2015}
}

@article{Garcia-Gonzalez2020shexml,
author = {García-González, Herminio and Boneva, Iovka and Staworko, Sławek and Labra-Gayo, José Emilio and Cueva-Lovelle, Juan Manuel},
journal = {PeerJ Computer Science},
keywords = {data integration,data mapping,shexml,sparql-generate,usability,yarrrml},
mendeley-groups = {Mappings},
month = {nov},
pages = {e318},
title = {{ShExML: improving the usability of heterogeneous data mapping languages for first-time users}},
doi={10.7717/peerj-cs.318},
volume = {6},
year = {2020}
}

@online{shexml,
  author = {García-González, Herminio},
  title = {Shape Expressions Mapping Language (ShExML)},
  year = 2022,
  url = {http://shexml.herminiogarcia.com/spec/},
  urldate = {2022-05-23}
}


@inproceedings{prud2014shex,
  title={Shape expressions: an RDF validation and transformation language},
  author={Prud'hommeaux, Eric and Labra Gayo, Jose Emilio and Solbrig, Harold},
  booktitle={Proceedings of the 10th International Conference on Semantic Systems (SEMANTiCS 2014), Leipzig, Germany},
  pages={32--40},
  year={2014},
  doi={10.1145/2660517.2660523},
publisher = {Association for Computing Machinery},
}


@inproceedings{Lefrancois2017sparqlgenerate,
  title={A SPARQL extension for generating RDF from heterogeneous formats},
  author={Lefran{\c{c}}ois, Maxime and Zimmermann, Antoine and Bakerally, Noorani},
  booktitle={Proceedings of the 14th European Semantic Web Conference, Portorož, Slovenia},
  pages={35--50},
  year={2017},
publisher="Springer",
address={Cham},
doi={10.1007/978-3-319-58068-5\_3}
}

@online{sparqlgenerate,
  author = {Lefran{\c{c}}ois, Maxime and Zimmermann, Antoine and Bakerally, Noorani and Khalfi, El Mehdi and Qawasmeh, Omar},
  title = {SPARQL-Generate - query and generate both RDF and text},
  year = 2022,
  url = {https://ci.mines-stetienne.fr/sparql-generate/index.html},
  urldate = {2022-01-31}
}

@article{Bischof2012xsparql,
author = {Bischof, Stefan and Decker, Stefan and Krennwallner, Thomas and Lopes, Nuno and Polleres, Axel},
journal = {Journal on Data Semantics},
keywords = {Query processing,RDF,SPARQL,XML,XQuery,XSPARQL},
mendeley-groups = {Mappings},
number = {3},
pages = {147--185},
title = {{Mapping between RDF and XML with XSPARQL}},
volume = {1},
year = {2012},
doi={10.1007/s13740-012-0008-7}
}

@online{xsparql,
  author = {Polleres, Axel and Krennwallner, Thomas and Lopes, Nuno and Kopecky, Jacek and Decker, Stefan},
  title = {XSPARQL Language Specification},
  year = 2009,
  url = {https://www.w3.org/Submission/xsparql-language-specification/},
  urldate = {2009-01-20}
}

@inproceedings{Vu2019d-repr,
author = {Vu, Binh and Pujara, Jay and Knoblock, Craig A.},
booktitle = {Proceedings of the 10th International Conference on Knowledge Capture (K-CAP 2019), Marina del Rey, CA, USA},
keywords = {Knowledge graph,Linked data,Rdf mapping},
mendeley-groups = {Mappings},
month = {sep},
pages = {189--196},
  publisher={ACM New York, NY, USA},
title = {{D-REPR: A Language for Describing and Mapping Diversely-Structured Data Sources to RDF}},
year = {2019},
doi={10.1145/3360901.3364449}
}


@inproceedings{Stadler2015sml,
  title={Simplified RDB2RDF mapping},
  author={Stadler, Claus and Unbehauen, J{\"o}rg and Westphal, Patrick and Sherif, Mohamed Ahmed and Lehmann, Jens},
  booktitle={Workshop on Linked Data on the Web co-located with the 24th International World Wide Web Conference (LDOW@WWW 2015), Florence, Italy},
  volume = {1409},
  year={2015},
  url={http://ceur-ws.org/Vol-1409/article-07.pdf},
  publisher = {CEUR-WS.org},
  series    = {{CEUR} Workshop Proceedings}
}

@InProceedings{Heyvaert2018yarrrml,
  author    = {Heyvaert, Pieter and De Meester, Ben and Dimou, Anastasia and Verborgh, Ruben},
  title     = {{Declarative Rules for Linked Data Generation at your Fingertips!}},
  booktitle = {The Semantic Web: ESWC 2018 Satellite Events, Crete, Greece},
  year      = {2018},
  pages={213--217},
  doi={10.1007/978-3-319-98192-5\_40},
publisher="Springer",
address="Cham",
  volume={11155}
}

@inproceedings{DeMeester2019comparison,
  title={Mapping languages analysis of comparative characteristics},
  author={De Meester, Ben and Heyvaert, Pieter and Verborgh, Ruben and Dimou, Anastasia},
  booktitle={1st International Workshop on Knowledge Graph Building and Large Scale RDF Analytics, co-located with the 16th Extended Semantic Web Conference (ESWC 2019), Portorož, Slovenia},
  volume={2489},
  publisher = {CEUR-WS.org},
  series    = {{CEUR} Workshop Proceedings},
  year={2019},
  url={http://ceur-ws.org/Vol-2489/paper4.pdf}
}

@inproceedings{chortaras2018d2rml,
  title={D2RML: Integrating Heterogeneous Data and Web Services into Custom RDF Graphs.},
  author={Chortaras, Alexandros and Stamou, Giorgos},
  booktitle={Workshop on Linked Data on the Web co-located with The Web Conference 2018 (LDOW@WWW 2018), Lyon, France},
  year={2018},
  url={http://ceur-ws.org/Vol-2073/article-07.pdf},
  volume={2073},
  publisher = {CEUR-WS.org},
  series    = {{CEUR} Workshop Proceedings}
}

@article{bechhofer2004owl,
author = {Bechhofer, Sean and van Harmelen, Frank and Hendler, Jim and Horrocks, Ian and McGuinness, Deborah L. and Patel-Schneider, Peter F. and Stein, Lynn Andrea and others},
journal = {https://www.w3.org/TR/owl-ref/},
title = {{OWL Web Ontology Language, W3C Recommendation 10 February 2004}},
year = {2004}
}

@article{hitzler2012owl2,
author = {Hitzler, Pascal and Krötzsch, Markus and Parsia, Bijan and Patel-Schneider, Peter F. and Rudolph, Sebastian and others},
journal = {https://www.w3.org/TR/owl2-primer/},
title = {{OWL 2 Web Ontology Language, W3C Recommendation 11 December 2012}},
year = {2012}
}

@article{corcho2020towards,
  title={Towards a new generation of ontology based data access},
  author={Corcho, Oscar and Priyatna, Freddy and Chaves-Fraga, David},
  journal={Semantic Web},
  volume={11},
  number={1},
  pages={153--160},
  year={2020},
  publisher={IOS Press},
  doi={10.3233/SW-190384}
}

@article{chaves2021morph-csv,
  title={Enhancing virtual ontology based access over tabular data with Morph-CSV},
  author={Chaves-Fraga, David and Ruckhaus, Edna and Priyatna, Freddy and Vidal, Maria-Esther and Corcho, Oscar},
  journal={Semantic Web},
  number={Preprint},
  pages={1--34},
  year={2021},
  publisher={IOS Press}
}

@article{chaves2020bench,
  title={GTFS-Madrid-Bench: A benchmark for virtual knowledge graph access in the transport domain},
  author={Chaves-Fraga, David and Priyatna, Freddy and Cimmino, Andrea and Toledo, Jhon and Ruckhaus, Edna and Corcho, Oscar},
  journal={Journal of Web Semantics},
  volume={65},
  pages={100596},
  year={2020},
  organization={Elsevier},
  doi={10.1016/j.websem.2020.100596}
}

@online{tarql,
  author = { },
  title = {TARQL: SPARQL for Tables},
  year = 2019,
  url = {http://tarql.github.io/},
  urldate = {2019-05-03}
}

@online{helio_mappings,
  author = {Cimmino, Andrea and García-Castro, Raúl},
  title = {Helio Mappings},
  year = 2020,
  url = {https://github.com/oeg-upm/helio/wiki/Helio-Materialiser-for-Users#helio-mappings},
  urldate = {2020-10-27}
}

@article{cimmino2022helio,
  title={Helio: a framework for implementing the life cycle of knowledge graphs},
  author={Cimmino, Andrea and Garc{\'\i}a-Castro, Ra{\'u}l},
  journal={Semantic Web},
  number={Preprint},
  pages={1--27},
  year={2022},
  publisher={IOS Press}
}

@techreport{garciacastro2017vicinity,
     title = {D2.2 Detailed specification of the semantic model},
     author = {Raúl García-Castro and Alba Fernández-Izquierdo and Christopher Heinz and Peter Kostelnik and Fernando Serena},
     year = {2017},
     institution = {Universidad Politécnica de Madrid (UPM)},
     type = {VICINITY Project},
     note = {{\scriptsize \url{https://vicinity2020.eu}}}
}


@inproceedings{feria2022chowlk,
  title={Chowlk: from UML-based ontology conceptualizations to OWL},
  author={Ch{\'a}vez-Feria, Serge and Garc{\'\i}a-Castro, Ra{\'u}l and Poveda-Villal{\'o}n, Mar{\'\i}a},
  booktitle={The Semantic Web: 19th International Conference, ESWC 2022, Hersonissos, Crete, Greece},
  pages={338--352},
  year={2022},
  doi={10.1007/978-3-031-06981-9\_20},
  publisher={Springer},
  address={Cham}
}


@article{poveda2014oops,
  title={Oops!(ontology pitfall scanner!): An on-line tool for ontology evaluation},
  author={Poveda-Villal{\'o}n, Mar{\'\i}a and G{\'o}mez-P{\'e}rez, Asunci{\'o}n and Su{\'a}rez-Figueroa, Mari Carmen},
  journal={International Journal on Semantic Web and Information Systems (IJSWIS)},
  volume={10},
  number={2},
  pages={7--34},
  year={2014},
  publisher={IGI Global},
  doi={10.4018/ijswis.2014040102}
}

@inproceedings{garijo2017widoco,
  title={WIDOCO: a wizard for documenting ontologies},
  author={Garijo, Daniel},
  booktitle={6th International Semantic Web Conference, Vienna, Austria},
  pages={94--102},
  year={2017},
  organization={Springer},
  address={Cham},
  doi={10.1007/978-3-319-68204-4\_9}
}

@phdthesis{corcho2004thesis,
  title={A layered approach to ontology translation with knowledge representation},
  author={Corcho, Oscar and Gómez-Pérez, Asunción},
  year={2004},
  school={UPM}
}

@inproceedings{iglesias2020mapeathor,
  title={Mapeathor: Simplifying the specification of declarative rules for knowledge graph construction},
  author={Iglesias-Molina, Ana and Pozo-Gilo, Luis and Do{\c{n}}a, Daniel and Ruckhaus, Edna and Chaves-Fraga, David and Corcho, {\'O}scar},
  booktitle={ISWC (Demos/Industry)},
  year={2020}
}

@InProceedings{Poggi2008,
author="Poggi, Antonella
and Lembo, Domenico
and Calvanese, Diego
and De Giacomo, Giuseppe
and Lenzerini, Maurizio
and Rosati, Riccardo",
editor="Spaccapietra, Stefano",
title="Linking Data to Ontologies",
booktitle="Journal on Data Semantics X",
year="2008",
publisher="Springer",
address="Berlin, Heidelberg",
pages="133--173",
doi={10.1007/978-3-540-77688-8\_5},
url={https://doi.org/10.1007/978-3-540-77688-8\_5}
}

@inproceedings{arenas2021knowledge,
  title={Knowledge Graph Construction with R2RML and RML: An ETL System-based Overview},
  author={Arenas-Guerrero, Juli{\'a}n and Scrocca, Mario and Iglesias-Molina, Ana and Toledo, Jhon and Gilo, Luis Pozo and Dona, Daniel and Corcho, Oscar and Chaves-Fraga, David},
  booktitle={Proceedings of the 2nd International Workshop on Knowledge Graph Construction co-located with 18th Extended Semantic Web Conference (ESWC 2021), Online},
  volume    = {2873},
  publisher = {CEUR-WS.org},
  series    = {{CEUR} Workshop Proceedings},
  year={2021},
  url={http://ceur-ws.org/Vol-2873/paper11.pdf}
}


@article{chebotko2009semantics,
title = {Semantics preserving SPARQL-to-SQL translation},
journal = {Data & Knowledge Engineering},
volume = {68},
number = {10},
pages = {973-1000},
year = {2009},
doi = {10.1016/j.datak.2009.04.001},
author = {Artem Chebotko and Shiyong Lu and Farshad Fotouhi},
keywords = {SPARQL-to-SQL translation, SPARQL semantics, SPARQL, SQL, RDF, query, RDF store, RDBMS}
}


@inproceedings{iglesias2019enhancing,
  title={Enhancing the Maintainability of the Bio2RDF Project Using Declarative Mappings.},
  author={Iglesias-Molina, Ana and Chaves-Fraga, David and Priyatna, Freddy and Corcho, Oscar},
  booktitle={12th International Conference on Semantic Web Applications and Tools for Health Care and Life Sciences, Edinburgh, Scotland, UK},
  year={2019},
  volume={2849},
  publisher = {CEUR-WS.org},
  series    = {{CEUR} Workshop Proceedings},
  url={http://ceur-ws.org/Vol-2849/paper-01.pdf}
}

@article{alobaid2019automating,
  title={Automating ontology engineering support activities with OnToology},
  author={Alobaid, Ahmad and Garijo, Daniel and Poveda-Villal{\'o}n, Mar{\'\i}a and Santana-Perez, Idafen and Fern{\'a}ndez-Izquierdo, Alba and Corcho, Oscar},
  journal={Journal of Web Semantics},
  volume={57},
  pages={100472},
  year={2019},
  organisation={Elsevier},
  doi={10.1016/j.websem.2018.09.003}
}

@article{albertoni2020dcat2,
author = {Albertoni, Riccardo and Browning, David and Cox, Simon and González Beltrán, Alejandra and Perego, Andrea and Winstanley, Peter and Maali, Fadi and Erickson, John},
journal = {https://www.w3.org/TR/vocab-dcat-2/},
title = {{Data Catalog Vocabulary (DCAT), W3C Recommendation 04 February 2020}},
year = {2020}
}

@article{hogan2021kg,
  title={Knowledge graphs},
  author={Hogan, Aidan and Blomqvist, Eva and Cochez, Michael and d’Amato, Claudia and Melo, Gerard De and Gutierrez, Claudio and Kirrane, Sabrina and Labra-Gayo, Jos{\'e} Emilio and Navigli, Roberto and Neumaier, Sebastian and others},
  journal={ACM Computing Surveys (CSUR)},
  volume={54},
  number={4},
  pages={1--37},
  year={2021},
  publisher={ACM New York, NY, USA},
  url={https://doi.org/10.1145/3447772}
}


@incollection{daga2021facade,
          volume = {53},
           month = {August},
          author = {Enrico Daga and Luigi Asprino and Paul Mulholland and Aldo Gangemi},
       booktitle = {Volume 53: Further with Knowledge Graphs},
          editor = {Mehwish Alam and Paul Groth and Victor de Boer and Tassilo Pellegrini and Harshvardhan J. Pandit},
           title = {Facade-X: An Opinionated Approach to SPARQL Anything},
       publisher = {IOS Press},
            year = {2021},
         journal = {Studies on the Semantic Web},
           pages = {58--73},
        keywords = {SPARQL; meta-model; re-engineering},
             doi = {10.3233/ssw210035},
}

@online{sparqlanything,
  author = { },
  title = {SPARQL Anything},
  year = 2022,
  url = {https://sparql-anything.readthedocs.io/en/latest/},
  urldate = {2022}
}

@article{arenas2012direct_mapping,
author = {Arenas, Marcelo and Bertails, Alexandre and Prud'hommeaux, Eric and Sequeda, Juan},
journal = {https://www.w3.org/TR/rdb-direct-mapping/},
title = {{A Direct Mapping of Relational Data to RDF, W3C Recommendation 27 September 2012}},
year = {2012}
}

@article{wotRecommendation,
author = {Kaebisch, Sebastian and Kamiya, Takuki and McCool, Michael and Charpenay, Victor and Kovatsch, Matthias },
journal = {https://www.w3.org/TR/wot-thing-description/},
title = {{Web of Things (WoT) Thing Description. W3C Recommendation 9 April 2020.}},
year = {2020}
}


@inproceedings{DBLP:conf/qurator/SimsekUF20,
  author    = {Umutcan Simsek and
               J{\"{u}}rgen Umbrich and
               Dieter Fensel},
  editor    = {Adrian Paschke and
               Clemens Neudecker and
               Georg Rehm and
               Jamal Al Qundus and
               Lydia Pintscher},
  title     = {Towards a Knowledge Graph Lifecycle: {A} pipeline for the population
               of a commercial Knowledge Graph},
  booktitle = {Proceedings of the Conference on Digital Curation Technologies (Qurator
               2020), Berlin, Germany, January 20th - 21st, 2020},
  series    = {{CEUR} Workshop Proceedings},
  volume    = {2535},
  publisher = {CEUR-WS.org},
  year      = {2020},
  url       = {http://ceur-ws.org/Vol-2535/paper_10.pdf},
  biburl    = {https://dblp.org/rec/conf/qurator/SimsekUF20.bib},
  bibsource = {dblp computer science bibliography, https://dblp.org}
}

@article{kovatsch2020wot,
author = {Kovatsch, Matthias and Matsukura, Ryuichi and Lagally, Michael and Kawaguchi, Toru and Kajimoto, Kazuo},
journal = {https://www.w3.org/TR/wot-architecture/},
title = {{Web of Things (WoT) Architecture, W3C Recommendation 9 April 2020}},
year = {2020}
}

@article{kyzirakos2018geotriples,
  title={GeoTriples: Transforming geospatial data into RDF graphs using R2RML and RML mappings},
  author={Kyzirakos, Kostis and Savva, Dimitrianos and Vlachopoulos, Ioannis and Vasileiou, Alexandros and Karalis, Nikolaos and Koubarakis, Manolis and Manegold, Stefan},
  journal={Journal of Web Semantics},
  volume = {52-53},
  pages = {16-32},
  year = {2018},
  year={2018},
  organization={Elsevier},
  doi={10.1016/j.websem.2018.08.003}
}

@article{priyatna2017querying,
  title={Querying clinical data in HL7 RIM based relational model with morph-RDB},
  author={Priyatna, Freddy and Alonso-Calvo, Raul and Paraiso-Medina, Sergio and Corcho, Oscar},
  journal={Journal of biomedical semantics},
  volume={8},
  number={1},
  pages={1--12},
  year={2017},
  publisher={BioMed Central},
  doi={10.1186/s13326-017-0155-8}
}

@inproceedings{michel2020covid,
  title={Covid-on-the-Web: Knowledge graph and services to advance COVID-19 research},
  author={Michel, Franck and Gandon, Fabien and Ah-Kane, Valentin and Bobasheva, Anna and Cabrio, Elena and Corby, Olivier and Gazzotti, Rapha{\"e}l and Giboin, Alain and Marro, Santiago and Mayer, Tobias and others},
  booktitle={Proceedings of the 19th International Semantic Web Conference, Athens, Greece},
  pages={294--310},
  year={2020},
  organization={Springer},
  address={Cham},
  doi={10.1007/978-3-030-62466-8\_19}
}

@article{harris2013sparql,
author = {Harris, Steve and Seaborne, Andy and Prud'hommeaux, Eric},
journal = {https://www.w3.org/TR/sparql11-query/},
title = {{SPARQL 1.1, Query Language, W3C Recommendation 21 March 2013}},
year = {2013}
}

@inproceedings{xiao2018ontology,
  title     = {Ontology-Based Data Access: A Survey},
  author    = {Guohui Xiao and Diego Calvanese and Roman Kontchakov and Domenico Lembo and Antonella Poggi and Riccardo Rosati and Michael Zakharyaschev},
  booktitle = {Proceedings of the Twenty-Seventh International Joint Conference on
               Artificial Intelligence, {IJCAI-18}, Stockholm, Sweden},
  publisher = {International Joint Conferences on Artificial Intelligence Organization},
  pages     = {5511--5519},
  year      = {2018},
  month     = {7},
  doi       = {10.24963/ijcai.2018/777},
  url       = {https://doi.org/10.24963/ijcai.2018/777},
}

@techreport{michel2014survey,
  title={A survey of {RDB} to {RDF} translation approaches and tools},
  author={Michel, Franck and Montagnat, Johan and Zucker, Catherine Faron},
  year={2014},
  type={I3S},
  note={{\scriptsize \url{https://hal.archives-ouvertes.fr/hal-00903568}}}
}

@article{rodriguez2015efficient,
  title={Efficient SPARQL-to-SQL with R2RML mappings},
  author={Rodriguez-Muro, Mariano and Rezk, Martin},
  journal={Journal of Web Semantics},
  volume={33},
  pages={141--169},
  year={2015},
  publisher={Elsevier},
  doi={10.1016/j.websem.2015.03.001}
}

@book{ehrig2006ontology_alignment,
  title={Ontology alignment: bridging the semantic gap},
  author={Ehrig, Marc},
  volume={4},
  year={2006},
  publisher={Springer Science \& Business Media}
}

@online{sms2,
  author = {Stardog},
  title = {SMS2 (Stardog Mapping Syntax 2)},
  year = 2021,
  url = {https://docs.stardog.com/archive/7.5.0/virtual-graphs/mapping-data-sources.html},
  urldate = {2021}
}

@online{xrm,
  author = {Zazuco},
  title = {Expressive RDF Mapper (XRM)},
  year = 2022,
  url = {https://zazuko.com/products/expressive-rdf-mapper/},
  urldate = {2022}
}

@article{poveda2022lot,
title = {LOT: An industrial oriented ontology engineering framework},
journal = {Engineering Applications of Artificial Intelligence},
volume = {111},
pages = {104755},
year = {2022},
author = {María Poveda-Villalón and Alba Fernández-Izquierdo and Mariano Fernández-López and Raúl García-Castro},
keywords = {Ontology engineering, Ontology development methodology, Ontology development software support, Collaborative ontology development, Ontology industrial development},
doi={10.1016/j.engappai.2022.104755},
organization={Elsevier}
}

@inproceedings{fernandez2021themis,
  title={Supporting Demand-Response strategies with the DELTA ontology},
  author={Fern{\'a}ndez-Izquierdo, Alba and Cimmino, Andrea and Garc{\'\i}a-Castro, Ra{\'u}l},
  booktitle={2021 IEEE/ACS 18th International Conference on Computer Systems and Applications (AICCSA), Tangier, Morocco},
  pages={1--8},
  year={2021},
  organization={IEEE},
  doi={10.1109/AICCSA53542.2021.9686935}
}

@inproceedings{garijo2021foops,
  title={FOOPS!: An Ontology Pitfall Scanner for the FAIR principles},
  author={Garijo, Daniel and Corcho, Oscar and Poveda-Villal{\'o}n, Mar{\'\i}a},
  booktitle={International Semantic Web Conference (ISWC) 2021: Posters, Demos, and Industry Tracks},
  year={2021},
  volume={2980},
  publisher = {CEUR-WS.org},
  series    = {{CEUR} Workshop Proceedings},
  url={http://ceur-ws.org/Vol-2980/paper321.pdf}
}

@inproceedings{delva2021rml-fields,
  title={Integrating nested data into knowledge graphs with RML fields},
  author={Delva, Thomas and Van Assche, Dylan and Heyvaert, Pieter and De Meester, Ben and Dimou, Anastasia},
  booktitle={Proceedings of the 2nd International Workshop on Knowledge Graph Construction co-located with 18th Extended Semantic Web Conference (ESWC 2021), Online},
  volume={2873},
  pages={1--16},
  publisher = {CEUR-WS.org},
  series    = {{CEUR} Workshop Proceedings},
  year={2021},
  url={http://ceur-ws.org/Vol-2873/paper9.pdf}
}

@inproceedings{garcia2021shexml-challenges,
  title={A ShExML perspective on mapping challenges: already solved ones, language modifications and future required actions},
  author={Garc{\'\i}a-Gonz{\'a}lez, Herminio},
  booktitle={Proceedings of the 2nd International Workshop on Knowledge Graph Construction co-located with 18th Extended Semantic Web Conference (ESWC 2021), Online},
  volume={2873},
  pages={1--14},
  volume    = {2873},
  publisher = {CEUR-WS.org},
  series    = {{CEUR} Workshop Proceedings},
  year={2021},
  url={http://ceur-ws.org/Vol-2873/paper2.pdf}
}

@article{perez2009semantics,
  title={Semantics and complexity of SPARQL},
  author={P{\'e}rez, Jorge and Arenas, Marcelo and Gutierrez, Claudio},
  journal={ACM Transactions on Database Systems (TODS)},
  volume={34},
  number={3},
  pages={1--45},
  year={2009},
  publisher={ACM New York, NY, USA},
  doi={10.1145/1567274.1567278}
}

@online{d2rq,
  author = {Cyganiak, Richard and Bizer, Chris and Garbers, Jörg and Maresch, Oliver and Becker, Christian},
  title = {The D2RQ Mapping Language},
  year = 2012,
  url = {http://d2rq.org/d2rq-language},
  urldate = {2012-03-12}
}

@inproceedings{iglesias2022devising,
  title={Devising Mapping Interoperability with Mapping Translation},
  author={Iglesias-Molina, Ana and Cimmino, Andrea and Corcho, Oscar},
  booktitle={Proceedings of the 3rd International Workshop on Knowledge Graph Construction co-located with 19th Extended Semantic Web Conference (ESWC 2022), Hersonissos, Greece},
  year={2022},
  volume={3141},
  pages={1--8},
  url={http://ceur-ws.org/Vol-3141/paper6.pdf},
  publisher = {CEUR-WS.org},
  series    = {{CEUR} Workshop Proceedings},
}

@techreport{manola2004rdf,
	author = {Manola, Frank and Miller, Eric},
	title = {{RDF primer}},
	institution = {{World Wide Web Consortium (W3C)}},
	year = {2004},
	type = {{W3C Recommendation}},
	note = {{\scriptsize \url{https://www.w3.org/TR/rdf-primer/}}},
}

@inproceedings{nguyen2014don,
  author = {Nguyen, Vinh and Bodenreider, Olivier and Sheth, Amit},
  title = {{Don't like RDF Reification? Making Statements about Statements Using Singleton Property}},
  year = {2014},
  isbn = {9781450327442},
  publisher = {Association for Computing Machinery},
  doi = {10.1145/2566486.2567973},
  booktitle = {Proceedings of the 23rd International Conference on World Wide Web},
  pages = {759–-770},
  numpages = {12},
}

@article{schueler2008querying,
  title = {{Querying for provenance, trust, uncertainty and other meta knowledge in RDF}},
  journal = {Journal of Web Semantics},
  volume = {7},
  number = {3},
  pages = {204-219},
  year = {2009},
  issn = {1570-8268},
  doi = {10.1016/j.websem.2009.07.004},
  author = {Dividino, Renata and Sizov, Sergej and Staab, Steffen and Schueler, Bernhard},
}

@inproceedings{hartig2017foundations,
  title = {{Foundations of RDF* and SPARQL* (An Alternative Approach to Statement-Level Metadata in RDF)}},
  author = {Hartig, Olaf},
  booktitle = {Proceedings of the 11th Alberto Mendelzon International Workshop on Foundations of Data Management and the Web},
  year = {2017},
  publisher = {CEUR Workshop Proceedings},
  url = {http://ceur-ws.org/Vol-1912/paper12.pdf},
  issn = {1613-0073},
  volume = {1912},
}

@inproceedings{delva2021rml-star,
  title = {{RML-star: A Declarative Mapping Language for RDF-star Generation}},
  author = {Delva, Thomas and Arenas-Guerrero, Julián and Iglesias-Molina, Ana and Corcho, Oscar and Chaves-Fraga, David and Dimou, Anastasia},
  booktitle = {International Semantic Web Conference, ISWC, P\&D},
  year = {2021},
  publisher = {CEUR Workshop Proceedings},
  url = {http://ceur-ws.org/Vol-2980/paper374.pdf},
  issn = {1613-0073},
  volume = {2980},
}

@techreport{iglesias2022rmlstar,
	author = {Iglesias-Molina, Ana and Arenas-Guerrero, Juli{\'a}n and Delva, Thomas and Dimou, Anastasia and Chaves-Fraga, David},
	title = {{RML-star}},
    month = may,
	year = {2022},
	type = {{W3C Draft Community Group Report}},
	note =  {{\scriptsize \url{https://w3id.org/rml/star/spec/}}}
}

@article{kelley2021framework,
    author = {Kelley, Aidan and Garijo, Daniel},
    title = {{A Framework for Creating Knowledge Graphs of Scientific Software Metadata}},
    journal = {Quantitative Science Studies},
    pages = {1-37},
    year = {2021},
    issn = {2641-3337},
    doi = {10.1162/qss\_a\_00167},
}

@article{SemMedDB,
    author = {Kilicoglu, Halil and Shin, Dongwook and Fiszman, Marcelo and Rosemblat, Graciela and Rindflesch, Thomas C.},
    title = {{SemMedDB: a PubMed-scale repository of biomedical semantic predications}},
    journal = {Bioinformatics},
    volume = {28},
    number = {23},
    pages = {3158-3160},
    year = {2012},
    month = {10},
    issn = {1367-4803},
    doi = {10.1093/bioinformatics/bts591},
}


@article{asprino2023sparql-anything,
  author = {Asprino, Luigi and Daga, Enrico and Gangemi, Aldo and Mulholland, Paul},
  title = {{Knowledge Graph Construction with a Fa\c{c}ade: A Unified Method to Access Heterogeneous Data Sources on the Web}},
  year = {2023},
  publisher = {Association for Computing Machinery},
  volume = {23},
  number = {1},
  issn = {1533-5399},
  doi = {10.1145/3555312},
  journal = {ACM Transactions on Internet Technology},
  articleno = {6},
  numpages = {31},
}

@TechReport{david_chaves_2022_6518802,
  author       = {David Chaves and
                  Ana Iglesias and
                  Daniel Garijo and
                  Julián Arenas Guerrero},
  title        = {kg-construct/rml-star-test-cases: v1.1},
  month        = may,
  year         = 2022,
  type         = {{Z}enodo},
  version      = {1.1},
  note         = {{\scriptsize\url{https://doi.org/10.5281/zenodo.6518802}}}
}


@TechReport{david_chaves_2022_6919707,
  author       = {David Chaves and
                  Ana Iglesias and
                  Daniel Garijo and},
  title        = {oeg-upm/rdf-star-generation: v1.0},
  month        = jul,
  year         = 2022,
  type         = {{Z}enodo},
  version      = {1.0},
  note         = {{\scriptsize\url{https://doi.org/10.5281/zenodo.6919707}}}
}


@inproceedings{somef,
	title        = {{SoMEF: A Framework for Capturing Scientific Software Metadata from its Documentation}},
	author       = {A. {Mao} and D. {Garijo} and S. {Fakhraei}},
	year         = 2019,
	booktitle    = {2019 IEEE International Conference on Big Data},
	pages        = {3032-3037},
    doi          = {10.1109/BigData47090.2019.9006447}
}

@article{chue_hong_fair_2021,
	title = {{FAIR} {Principles} for {Research} {Software} ({FAIR4RS} {Principles})},
	doi = {10.15497/RDA00068},
	author = {Chue Hong, Neil P. and Katz, Daniel S. and Barker, Michelle and Lamprecht, Anna-Lena and Martinez, Carlos and Psomopoulos, Fotis E. and Harrow, Jen and Castro, Leyla Jael and Gruenpeter, Morane and Martinez, Paula Andrea and Honeyman, Tom},
	collaborator = {Struck, Alexander and Lee, Allen and Loewe, Axel and Van Werkhoven, Ben and Jones, Catherine and Garijo, Daniel and Plomp, Esther and Genova, Francoise and Shanahan, Hugh and Leng, Joanna and Hellstrm, Maggie and Sandström, Malin and Sinha, Manodeep and Kuzak, Mateusz and Herterich, Patricia and Zhang, Qian and Islam, Sharif and Sansone, Susanna-Assunta and Pollard, Tom and Atmojo, Udayanto Dwi and Williams, Alan and Czerniak, Andreas and Nihues, Anna and Fouilloux, Anne Claire and Desinghu, Bala and Goble, Carole and Richard, Céline and Gray, Charles and Erdmann, Chris and Nüst, Daniel and Tartarini, Daniele and Ranguelova, Elena and Anzt, Hartwig and Todorov, Ilian and McNally, James and Moldon, Javier and Burnett, Jessica and Garrido-Sánchez, Julián and Belhajjame, Khalid and Sesink, Laurents and Hwang, Lorraine and Tovani-Palone, Marcos Roberto and Wilkinson, Mark D. and Servillat, Mathieu and Liffers, Matthias and Fox, Merc and Miljković, Nadica and Lynch, Nick and Lavanchy, Paula Martinez and Gesing, Sandra and Stevens, Sarah and Cuesta, Sergio Martinez and Peroni, Silvio and Soiland-Reyes, Stian and Bakker, Tom and Rabemanantsoa, Tovo and Sochat, Vanessa and Yehudi, Yo and Research Data Alliance FAIR For Research Software (FAIR4RS) WG},
	year = {2021},
	publisher = {Research Data Alliance},
}

@techreport{naryw3c2006,
    title={{Defining N-ary Relations on the Semantic Web: Use With Individuals}},
    author={Noy, Natasha and Rector, Alan},
    institution={W3C},
    year={2006},
	type = {{W3C} {N}ote},
    note={{\scriptsize \url{https://www.w3.org/TR/swbp-n-aryRelations/}}}
}

@inproceedings{carroll2005namedgraphs,
  title={Named graphs, provenance and trust},
  author={Carroll, Jeremy J and Bizer, Christian and Hayes, Pat and Stickler, Patrick},
  booktitle={Proceedings of the 14th international conference on World Wide Web},
  pages={613--622},
  year={2005}
}



@inproceedings{corcho2021high,
  title={A high-level ontology network for ICT infrastructures},
  author={Corcho, Oscar and Chaves-Fraga, David and Toledo, Jhon and Arenas-Guerrero, Juli{\'a}n and Badenes-Olmedo, Carlos and Wang, Mingxue and Peng, Hu and Burrett, Nicholas and Mora, Jos{\'e} and Zhang, Puchao},
  booktitle={International Semantic Web Conference},
  pages={446--462},
  year={2021},
  organization={Springer}
}

@article{chaves2022systematic,
  title={{Systematic Construction of Knowledge Graphs for Research-Performing Organizations}},
  author={Chaves-Fraga, David and Corcho, Oscar and Yedro, Francisco and Moreno, Roberto and Ol{\'\i}as, Juan and De La Azuela, Alejandro},
  journal={Information},
  volume={13},
  number={12},
  pages={562},
  year={2022},
  publisher={MDPI}
}

@article{arenas2023morphstar,
  title={{Morph-KGC$^{star}$: Declarative generation of RDF-star graphs from heterogeneous data}},
  author={Arenas-Guerrero, Juli{\'a}n and Iglesias-Molina, Ana and Chaves-Fraga, David and Garijo, Daniel and Corcho, Oscar and Dimou, Anastasia},
  journal={Semantic Web (Under Review)},
  year={2023},
  publisher={IOS Press}
}

@TechReport{iglesias-molina_2023_5973906,
  author       = {Ana Iglesias-Molina and
                  Edna Ruckhaus and
                  Daniel Doña and
                  David Chaves-Fraga and
                  Julián Arenas-Guerrero},
  title        = {oeg-upm/mapeathor},
  year         = 2023,
  type         = {{Z}enodo},
  note         = {{\scriptsize\url{https://doi.org/10.5281/zenodo.5973906}}}
}

@article{sicilia2017map,
  title={{Map-On: A web-based editor for visual ontology mapping}},
  author={Sicilia, {\'A}lvaro and Nemirovski, German and Nolle, Andreas},
  journal={Semantic Web},
  volume={8},
  number={6},
  pages={969--980},
  year={2017},
  publisher={IOS Press}
}

@inproceedings{heyvaert2016rmleditor,
  title={RMLEditor: a graph-based mapping editor for linked data mappings},
  author={Heyvaert, Pieter and Dimou, Anastasia and Herregodts, Aron-Levi and Verborgh, Ruben and Schuurman, Dimitri and Mannens, Erik and Van de Walle, Rik},
  booktitle={European Semantic Web Conference},
  pages={709--723},
  year={2016},
  organization={Springer}
}

@techreport{lassila1999rdf,
	author = {Lassila, Ora and Swick, Ralph R.},
	title = {{Resource Description Framework (RDF) Model and Syntax Specification}},
	institution = {World Wide Web Consortium},
	year = {1999},
	type = {{W3C Recommendation}},
	note = {{\scriptsize \url{https://www.w3.org/TR/1999/REC-rdf-syntax-19990222/}}},
}

@techreport{hartig2023rdf,
	author = {Hartig, Olaf and Champin, Pierre-Antoine and Kellogg, Gregg},
	title = {{RDF 1.2 Concepts and Abstract Syntax}},
	institution = {W3C},
	year = {2023},
	type = {{W3C Working Draft}},
	note = {{\scriptsize \url{https://www.w3.org/TR/2023/WD-rdf12-concepts-20230615/}}},
}

@book{creswell2017research,
  title={Research design: Qualitative, quantitative, and mixed methods approaches},
  author={Creswell, John W and Creswell, J David},
  year={2017},
  publisher={Sage publications Ldt.},
  isbn={9781506386706}
}

@article{brooke1995SUS,
    author = {Brooke, John},
    year = {1995},
    month = {11},
    title = {SUS: A quick and dirty usability scale},
    volume = {189},
    journal = {Usability Evaluation In Industry}
}

@TechReport{iglesias-molina_2022_8154522,
  author       = {Ana Iglesias-Molina},
  title        = {Resources for User Study of Mapeathor},
  year         = 2022,
  type         = {{Z}enodo},
  note         = {{\scriptsize\url{https://doi.org/10.5281/zenodo.8154522}}}
}

@article{groth2010nanopubs,
  title={The anatomy of a nanopublication},
  author={Groth, Paul and Gibson, Andrew and Velterop, Jan},
  journal={Information services \& use},
  volume={30},
  number={1-2},
  pages={51--56},
  year={2010},
  publisher={IOS Press}
}

@inproceedings{gangemi2013multi,
  title={A multi-dimensional comparison of ontology design patterns for representing n-ary relations},
  author={Gangemi, Aldo and Presutti, Valentina},
  booktitle={International Conference on Current Trends in Theory and Practice of Computer Science},
  pages={86--105},
  year={2013},
  organization={Springer}
}

@article{queralt2016disgenet,
  title={Publishing DisGeNET as nanopublications},
  author={Queralt-Rosinach, N{\'u}ria and Kuhn, Tobias and Chichester, Christine and Dumontier, Michel and Sanz, Ferran and Furlong, Laura I},
  journal={Semantic Web},
  volume={7},
  number={5},
  pages={519--528},
  year={2016},
  publisher={IOS Press}
}

@inproceedings{iglesias2023rml,
  title = {{The RML Ontology: A Community-Driven Modular Redesign After a Decade of Experience in Mapping Heterogeneous Data to RDF}},
  author = {Iglesias-Molina, Ana and Van Assche, Dylan and Arenas-Guerrero, Julián and De Meester, Ben and Debruyne, Christophe  and Jozashoori, Samaneh and  Maria, Pano and Michel, Franck and  Chaves-Fraga, David and Dimou, Anastasia},
  booktitle = {International Semantic Web Conference},
  year = {2023},
  publisher = {Springer}
}

@article{arenas2022morphkgc,
  title={{Morph-KGC: Scalable knowledge graph materialization with mapping partitions}},
  author={Arenas-Guerrero, Juli{\'a}n and Chaves-Fraga, David and Toledo, Jhon and P{\'e}rez, Mar{\'\i}a S and Corcho, Oscar},
  journal={Semantic Web},
  year={2022},
  publisher={IOS Press}
}

@inproceedings{iglesias2020rdfizer,
  title={{SDM-RDFizer: An RML interpreter for the efficient creation of RDF knowledge graphs}},
  author={Iglesias, Enrique and Jozashoori, Samaneh and Chaves-Fraga, David and Collarana, Diego and Vidal, Maria-Esther},
  booktitle={Proceedings of the 29th ACM international conference on Information \& Knowledge Management},
  pages={3039--3046},
  year={2020}
}

@inproceedings{morsey2011dbpedia,
  title={{DBpedia SPARQL benchmark--performance assessment with real queries on real data}},
  author={Morsey, Mohamed and Lehmann, Jens and Auer, S{\"o}ren and Ngonga Ngomo, Axel-Cyrille},
  booktitle={The Semantic Web--ISWC 2011: 10th International Semantic Web Conference, Bonn, Germany, October 23-27, 2011, Proceedings, Part I 10},
  pages={454--469},
  year={2011},
  organization={Springer}
}

@inproceedings{schmidt2009sp,
  title={{SP\^{} 2Bench: a SPARQL performance benchmark}},
  author={Schmidt, Michael and Hornung, Thomas and Lausen, Georg and Pinkel, Christoph},
  booktitle={2009 IEEE 25th International Conference on Data Engineering},
  pages={222--233},
  year={2009},
  organization={IEEE}
}
